<?xml version="1.0" encoding="UTF-8"?><collection xmlns="http://www.loc.gov/MARC21/slim"><record><leader>00526nam--2200121-i-4500</leader><controlfield tag="001">000010076</controlfield><controlfield tag="002">20161230</controlfield><controlfield tag="005">20161230201028</controlfield><controlfield tag="008">060222s1000------------r-----000-0-eng-d</controlfield><datafield ind1=" " ind2=" " tag="080"><subfield code="a">621.039:061.3  621.039.8.003</subfield></datafield><datafield ind1=" " ind2=" " tag="245"><subfield code="a">Abundant nuclear energy. proceedings of a symposium held at gatlinburg, tennessee, au- gust 26-29, 1968. sponsored by oak ridge asso ciated universities and u.s. atomic energy commission. w.w. grigorieff, coordinator</subfield></datafield><datafield ind1=" " ind2=" " tag="260"><subfield code="a">Oak Ridge, Tennessee, Usaec, 1969 Vi+352 P</subfield></datafield><datafield ind1=" " ind2=" " tag="490"><subfield code="a">Aec Symposium Series 14</subfield></datafield></record></collection>